@TechReport{collberg-et-al:2014,
  author = 	 {Christian Collbery and Todd Proebsting and Gina Moraila and Akash Shankaran and Zuoming Shi and Alex M. Warren},
  title = 	 {{Measuring Reproducibility in Computer Systems Research}},
  institution =  {Department of Computer Science, University of Arizona},
  year = 	 {2014},
  note = 	 {Available from: \url{http://reproducibility.cs.arizona.edu/tr.pdf}}
}

